<?xml version="1.0" encoding="UTF-8"?><collection xmlns="http://www.loc.gov/MARC21/slim"><record><leader>00337nam--2200121-i-4500</leader><controlfield tag="001">000041419</controlfield><controlfield tag="002">20161230</controlfield><controlfield tag="005">20161230201043</controlfield><controlfield tag="008">060222s1000------------r-----000-0-eng-d</controlfield><datafield ind1=" " ind2=" " tag="080"><subfield code="a">66.046.8(094)</subfield></datafield><datafield ind1=" " ind2=" " tag="245"><subfield code="a">Prescriptii tehnice pentru autoclave cu foc direct. c16-74. ed.oficiala</subfield></datafield><datafield ind1=" " ind2=" " tag="260"><subfield code="a">Bucuresti, Ed.Tehnica, 1975, 5p</subfield></datafield><datafield ind1=" " ind2=" " tag="852"><subfield code="a">42946</subfield></datafield></record></collection>